@inproceedings{he2017maskrcnn,
    Author    = {Kaiming He and Georgia Gkioxari and
                 Piotr Doll\'{a}r and Ross Girshick},
    Title     = {{Mask R-CNN}},
    Booktitle = {Proceedings of the International
                 Conference on Computer Vision ({ICCV})},
    Year = {2017}}
